@BOOK{ref1,
  AUTHOR  = "Kernighan, Brian W. and Ritchie, Dennis M.",
  TITLE   = "{The C Programming Language Second Edition}",
  PUBLISHER = "Prentice-Hall, Inc.",
  YEAR = 1988
}

@BOOK{ref2,
  AUTHOR  = "George P. Burdell",
  TITLE   = "{Myths and Their Origins}",
  PUBLISHER = "Real Books, Inc.",
  YEAR = 2016
}

@article{ref3,
	title = {Can Quantum-Mechanical Description of Physical Reality Be Considered Complete?},
	author = {Einstein, A. and Podolsky, B. and Rosen, N.},
	journal = {Phys. Rev.},
	volume = {47},
	issue = {10},
	pages = {777--780},
	year = 1935,
	month = 5,
	publisher = {American Physical Society},
	doi = {10.1103/PhysRev.47.777},
	url = {http://link.aps.org/doi/10.1103/PhysRev.47.777}
}

@article{ref4,
  title={La construction du r{\'e}el chez l'enfant.},
  author={Piaget, Jean},
  year={1937},
  journal={Delachaux \& Niestl{\'e}}
}

@article{einstein,
    author =       "Albert Einstein",
    title =        "{Zur Elektrodynamik bewegter K{\"o}rper}. ({German})
    [{On} the electrodynamics of moving bodies]",
    journal =      "Annalen der Physik",
    volume =       "322",
    number =       "10",
    pages =        "891--921",
    year =         "1905",
    DOI =          {"http://dx.doi.org/10.1002/andp.19053221004"},
    keywords =     "physics"
}

@book{dirac,
    title={The Principles of Quantum Mechanics},
    author={Paul Adrien Maurice Dirac},
    isbn={9780198520115},
    series={International series of monographs on physics},
    year={1981},
    publisher={Clarendon Press},
    keywords = {physics}
}

@online{knuthwebsite,
    author    = "Donald Knuth",
    title     = "Knuth: Computers and Typesetting",
    url       = {"http://www-cs-faculty.stanford.edu/~uno/abcde.html"},
    keywords  = "latex,knuth",
    year      = 2021
}

@inbook{knuth-fa,
    author = "Donald E. Knuth",
    booktitle = "The Art of Computer Programming, Vol. 1",
    title = "Fundamental Algorithms",
    publisher = "Addison-Wesley",
    year = "1973",
    chapter = "1.2",
    keywords  = "knuth,programming"
}
